% Encoding: UTF-8

@Article{valtr1995probability,
  author    = {Valtr, Pavel},
  title     = {Probability that n random points are in convex position},
  journal   = {Discrete \& Computational Geometry},
  year      = {1995},
  volume    = {13},
  number    = {3-4},
  pages     = {637--643},
  publisher = {Springer},
}
@misc{crofton,
    title={https://math.osu.edu/sites/math.osu.edu/files/What%20is%202017%20Croftons%20Formula.pdf}
}
@article{kabluchko2020absorption,
  title={Absorption probabilities for Gaussian polytopes and regular spherical simplices},
  author={Kabluchko, Zakhar and Zaporozhets, Dmitry},
  journal={Advances in Applied Probability},
  volume={52},
  number={2},
  pages={588--616},
  year={2020},
  publisher={Cambridge University Press}
}
@misc{inverseErf,
    title={https://mathworld.wolfram.com/InverseErf.html}
}

@Article{ruben1954moments,
  author    = {Ruben, Harold},
  title     = {On the moments of order statistics in samples from normal populations},
  journal   = {Biometrika},
  year      = {1954},
  volume    = {41},
  number    = {1-2},
  pages     = {200--227},
  file      = {:literature/2333017.pdf:PDF},
  publisher = {Oxford University Press},
}

@Article{efron1965convex,
  author    = {Efron, Bradley},
  title     = {The convex hull of a random set of points},
  journal   = {Biometrika},
  year      = {1965},
  volume    = {52},
  number    = {3-4},
  pages     = {331--343},
  file      = {:literature/2333687.pdf:PDF},
  publisher = {Oxford University Press},
}

@Comment{jabref-meta: databaseType:bibtex;}
